@article{clavero2005invasive,
  title={Invasive species are a leading cause of animal extinctions},
  author={Clavero, Miguel and Garcìa-Berthou, Emili},
  journal={Trends in ecology \& evolution},
  volume={20},
  number={3},
  pages={110},
  year={2005},
  publisher={Elsevier}
}
@article{dufresnes2016massive,
  title={Massive genetic introgression in threatened northern crested newts (Triturus cristatus) by an invasive congener (T. carnifex) in Western Switzerland},
  author={Dufresnes, Christophe and Pellet, J{\'e}r{\^o}me and Bettinelli-Riccardi, Sandra and Thiébaud, Jacques and Perrin, Nicolas and Fumagalli, Luca},
  journal={Conservation Genetics},
  volume={17},
  number={4},
  pages={839--846},
  year={2016},
  publisher={Springer}
}
@article{arntzen1999italian,
  title={Italian crested newts (Triturus carnifex) in the basin of Geneva: distribution and genetic interactions with autochthonous species},
  author={Arntzen, JW and Thorpe, RS},
  journal={Herpetologica},
  pages={423--433},
  year={1999},
  publisher={JSTOR}
}
@article{mettouris2018breeding,
  title={Breeding-migration patterns and reproductive dynamics of two syntopic newt species (Amphibia, Salamandridae) at a temporary pond in southern Greece},
  author={Mettouris, Onoufrios and Pitta, Eva and Giokas, Sinos},
  journal={Hydrobiologia},
  volume={819},
  number={1},
  pages={1--15},
  year={2018},
  publisher={Springer}
}
@article{arntzen1993six,
  title={A six year study on the population dynamics of the crested newt (Triturus cristatus) following the colonization of a newly created pond},
  author={Arntzen, JW and Teunis, SFM},
  journal={Herpetological Journal},
  volume={3},
  number={3},
  pages={99--110},
  year={1993}
}
@article{kupfer2000population,
  title={Population ecology of the great crested newt (Triturus cristatus) in an agricultural landscape dynamics, pond fidelity and dispersal},
  author={Kupfer, A and Kneitz, S},
  journal={Herpetological Journal},
  volume={10},
  number={4},
  pages={165--171},
  year={2000}
}